<?xml version="1.0" encoding="UTF-8"?><record xmlns="http://www.loc.gov/MARC21/slim" xmlns:cinclude="http://apache.org/cocoon/include/1.0" xmlns:zs="http://www.loc.gov/zing/srw/">
  <leader>00859cz  a2200157n  4500</leader>
  <controlfield tag="001">n  84064631 </controlfield>
  <controlfield tag="003">DLC</controlfield>
  <controlfield tag="005">20081121080450.0</controlfield>
  <controlfield tag="008">840813n| acannaabn          |a ana      </controlfield>
  <datafield tag="010" ind1=" " ind2=" ">
    <subfield code="a">n  84064631 </subfield>
  </datafield>
  <datafield tag="035" ind1=" " ind2=" ">
    <subfield code="a">(OCoLC)oca01162513</subfield>
  </datafield>
  <datafield tag="040" ind1=" " ind2=" ">
    <subfield code="a">DLC</subfield>
    <subfield code="b">eng</subfield>
    <subfield code="c">DLC</subfield>
    <subfield code="d">DLC</subfield>
    <subfield code="d">OCoLC</subfield>
  </datafield>
  <datafield tag="110" ind1="2" ind2=" ">
    <subfield code="a">Österreichische Akademie der Wissenschaften.</subfield>
    <subfield code="b">Kommission für den Historischen Atlas der Alpenländer</subfield>
  </datafield>
  <datafield tag="410" ind1="2" ind2=" ">
    <subfield code="w">nnaa</subfield>
    <subfield code="a">Akademie der Wissenschaften, Vienna.</subfield>
    <subfield code="b">Kommission für den Historischen Atlas der Alpenländer</subfield>
  </datafield>
  <datafield tag="670" ind1=" " ind2=" ">
    <subfield code="a">Klaar, Adalbert. Baualterpläne Österreichischer Städte, 1972- :</subfield>
    <subfield code="b">t.p. (Herausgegeben von der Österreichischen Akademie der Wissenschaften, Kommission für den Historischen Atlas der Alpenländer)</subfield>
  </datafield>
  <datafield tag="670" ind1=" " ind2=" ">
    <subfield code="a">LC data base, 6-22-84</subfield>
    <subfield code="b">(hdg.: Akademie der Wissenschaften, Vienna. Kommission für den Historischen Atlas der Alpenländer)</subfield>
  </datafield>
</record>